<?xml version="1.0" encoding="UTF-8" ?><marc:collection xmlns:marc="http://www.loc.gov/MARC21/slim" xmlns:xsi="http://www.w3.org/2001/XMLSchema-instance" xsi:schemaLocation="http://www.loc.gov/MARC21/slim http://www.loc.gov/standards/marcxml/schema/MARC21slim.xsd">
<marc:record><marc:leader>01012cpc a2200241Ia 4500</marc:leader>
<marc:controlfield tag="001">002156022</marc:controlfield>
<marc:controlfield tag="003">OCoLC</marc:controlfield><marc:controlfield tag="005">20121031125253.0</marc:controlfield><marc:controlfield tag="008">960807i19021917vp                  eng d</marc:controlfield><marc:datafield tag="035" ind1=" " ind2=" "><marc:subfield code="a">35201552</marc:subfield></marc:datafield><marc:datafield tag="040" ind1=" " ind2=" "><marc:subfield code="a">NDK</marc:subfield><marc:subfield code="c">NDK</marc:subfield></marc:datafield><marc:datafield tag="049" ind1=" " ind2=" "><marc:subfield code="a">NDNX</marc:subfield></marc:datafield><marc:datafield tag="096" ind1=" " ind2=" "><marc:subfield code="a">x</marc:subfield></marc:datafield><marc:datafield tag="100" ind1="1" ind2=" "><marc:subfield code="a">Osler, William,</marc:subfield><marc:subfield code="c">Sir,</marc:subfield><marc:subfield code="d">1849-1919.</marc:subfield></marc:datafield><marc:datafield tag="245" ind1="1" ind2="0"><marc:subfield code="a">Papers,</marc:subfield><marc:subfield code="b">1902-1917.</marc:subfield></marc:datafield><marc:datafield tag="300" ind1=" " ind2=" "><marc:subfield code="a">13</marc:subfield><marc:subfield code="f">items.</marc:subfield></marc:datafield><marc:datafield tag="545" ind1=" " ind2=" "><marc:subfield code="a">Physician, book collector and medical historian.</marc:subfield></marc:datafield><marc:datafield tag="520" ind1="8" ind2=" "><marc:subfield code="a">Mostly ALS, a TLS and a typed note, unsigned. Osler's correspondents include Arnold C. Klebs, S. Weir Mitchell, W. Fleming, Mrs. Parmelee, and Charles Loomis Dana. Letters relate to personal, family and professional affairs and Osler's interest in medical history.</marc:subfield></marc:datafield><marc:datafield tag="500" ind1=" " ind2=" "><marc:subfield code="a">Forms part of the Trent Manuscripts Collection.</marc:subfield></marc:datafield><marc:datafield tag="710" ind1="2" ind2=" "><marc:subfield code="a">History of Medicine Collections (Duke University)</marc:subfield></marc:datafield><marc:datafield tag="700" ind1="1" ind2=" "><marc:subfield code="a">Klebs, Arnold C.</marc:subfield><marc:subfield code="q">(Arnold Carl),</marc:subfield><marc:subfield code="d">1870-1943.</marc:subfield></marc:datafield><marc:datafield tag="700" ind1="1" ind2=" "><marc:subfield code="a">Mitchell, S. Weir</marc:subfield><marc:subfield code="q">(Silas Weir),</marc:subfield><marc:subfield code="d">1829-1914.</marc:subfield></marc:datafield><marc:datafield tag="700" ind1="1" ind2=" "><marc:subfield code="a">Dana, Charles L.</marc:subfield><marc:subfield code="q">(Charles Loomis),</marc:subfield><marc:subfield code="d">1852-1935.</marc:subfield></marc:datafield></marc:record>
</marc:collection>
